@inproceedings{zhou2016cvpr,
    author    = {Zhou, Bolei and Khosla, Aditya and Lapedriza, Agata and Oliva, Aude and Torralba, Antonio},
    title     = {Learning Deep Features for Discriminative Localization},
    booktitle = {Computer Vision and Pattern Recognition},
    year      = {2016}
}

@inproceedings{selvaraju2017grad,
  title={Grad-cam: Visual explanations from deep networks via gradient-based localization},
  author={Selvaraju, Ramprasaath R and Cogswell, Michael and Das, Abhishek and Vedantam, Ramakrishna and Parikh, Devi and Batra, Dhruv},
  booktitle={Proceedings of the IEEE international conference on computer vision},
  pages={618--626},
  year={2017}
}

@inproceedings{chattopadhay2018grad,
  title={Grad-cam++: Generalized gradient-based visual explanations for deep convolutional networks},
  author={Chattopadhay, Aditya and Sarkar, Anirban and Howlader, Prantik and Balasubramanian, Vineeth N},
  booktitle={2018 IEEE winter conference on applications of computer vision (WACV)},
  pages={839--847},
  year={2018},
  organization={IEEE}
}

@article{chattopadhyay2017grad,
  title={Grad-CAM++: Improved Visual Explanations for Deep Convolutional Networks},
  author={Chattopadhyay, Aditya and Sarkar, Anirban and Howlader, Prantik and Balasubramanian, Vineeth N},
  journal={arXiv e-prints},
  pages={arXiv--1710},
  year={2017}
}

@article{wang2021minmaxcam,
  title={Minmaxcam: Improving object coverage for cam-basedweakly supervised object localization},
  author={Wang, Kaili and Oramas, Jose and Tuytelaars, Tinne},
  journal={arXiv preprint arXiv:2104.14375},
  year={2021}
}

@inproceedings{yang2020combinational,
  title={Combinational class activation maps for weakly supervised object localization},
  author={Yang, Seunghan and Kim, Yoonhyung and Kim, Youngeun and Kim, Changick},
  booktitle={Proceedings of the IEEE/CVF Winter Conference on Applications of Computer Vision},
  pages={2941--2949},
  year={2020}
}

@inproceedings{wang2020score,
  title={Score-CAM: Score-weighted visual explanations for convolutional neural networks},
  author={Wang, Haofan and Wang, Zifan and Du, Mengnan and Yang, Fan and Zhang, Zijian and Ding, Sirui and Mardziel, Piotr and Hu, Xia},
  booktitle={Proceedings of the IEEE/CVF conference on computer vision and pattern recognition workshops},
  pages={24--25},
  year={2020}
}

@inproceedings{choe2020evaluating,
  title={Evaluating weakly supervised object localization methods right},
  author={Choe, Junsuk and Oh, Seong Joon and Lee, Seungho and Chun, Sanghyuk and Akata, Zeynep and Shim, Hyunjung},
  booktitle={Proceedings of the IEEE/CVF Conference on Computer Vision and Pattern Recognition},
  pages={3133--3142},
  year={2020}
}

@article{choe2022evaluation,
  title={Evaluation for weakly supervised object localization: Protocol, metrics, and datasets},
  author={Choe, Junsuk and Oh, Seong Joon and Chun, Sanghyuk and Lee, Seungho and Akata, Zeynep and Shim, Hyunjung},
  journal={IEEE Transactions on Pattern Analysis and Machine Intelligence},
  year={2022},
  publisher={IEEE}
}

% networks
% vgg net
@article{simonyan2014very,
  title={Very deep convolutional networks for large-scale image recognition},
  author={Simonyan, Karen and Zisserman, Andrew},
  journal={arXiv preprint arXiv:1409.1556},
  year={2014}
}

% resnet50
@article{he2016deep,
  title={Deep residual learning for image recognition. CVPR. 2016},
  author={He, Kaiming and Zhang, Xiangyu and Ren, Shaoqing and Sun, Jian},
  journal={arXiv preprint arXiv:1512.03385},
  year={2016}
}

% datasets
% synthetic
@article{tjoa2022quantifying,
  title={Quantifying Explainability of Saliency Methods in Deep Neural Networks With a Synthetic Dataset},
  author={Tjoa, Erico and Cuntai, Guan},
  journal={IEEE Transactions on Artificial Intelligence},
  year={2022},
  publisher={IEEE}
}

% imagenet
@inproceedings{deng2009imagenet,
  title={Imagenet: A large-scale hierarchical image database},
  author={Deng, Jia and Dong, Wei and Socher, Richard and Li, Li-Jia and Li, Kai and Fei-Fei, Li},
  booktitle={2009 IEEE conference on computer vision and pattern recognition},
  pages={248--255},
  year={2009},
  organization={Ieee}
}

% Pascal VOC
@article{everingham2009pascal,
  title={The pascal visual object classes (voc) challenge},
  author={Everingham, Mark and Van Gool, Luc and Williams, Christopher KI and Winn, John and Zisserman, Andrew},
  journal={International journal of computer vision},
  volume={88},
  pages={303--308},
  year={2009}
}

% ILSVRC
@article{russakovsky2015imagenet,
  title={Imagenet large scale visual recognition challenge},
  author={Russakovsky, Olga and Deng, Jia and Su, Hao and Krause, Jonathan and Satheesh, Sanjeev and Ma, Sean and Huang, Zhiheng and Karpathy, Andrej and Khosla, Aditya and Bernstein, Michael and others},
  journal={International journal of computer vision},
  volume={115},
  pages={211--252},
  year={2015},
  publisher={Springer}
}

% code references