@article{adams4242save,
  title={How to save a planet},
  author={Adams, Douglas},
  year={4242},
  journal={Universal Journal of Saving Planets}
}
